<?xml version="1.0" encoding="UTF-8"?><record xmlns="http://www.loc.gov/MARC21/slim" xmlns:cinclude="http://apache.org/cocoon/include/1.0" xmlns:zs="http://www.loc.gov/zing/srw/">
  <leader>00726cz  a2200193n  4500</leader>
  <controlfield tag="001">n 2013022536</controlfield>
  <controlfield tag="003">DLC</controlfield>
  <controlfield tag="005">20141224073845.0</controlfield>
  <controlfield tag="008">130423n| azannaabn          |a aaa      </controlfield>
  <datafield tag="010" ind1=" " ind2=" ">
    <subfield code="a">n 2013022536</subfield>
  </datafield>
  <datafield tag="035" ind1=" " ind2=" ">
    <subfield code="a">(OCoLC)oca09457587</subfield>
  </datafield>
  <datafield tag="040" ind1=" " ind2=" ">
    <subfield code="a">DLC</subfield>
    <subfield code="b">eng</subfield>
    <subfield code="e">rda</subfield>
    <subfield code="c">DLC</subfield>
    <subfield code="d">CU-SMu</subfield>
  </datafield>
  <datafield tag="046" ind1=" " ind2=" ">
    <subfield code="k">1996</subfield>
  </datafield>
  <datafield tag="100" ind1="1" ind2=" ">
    <subfield code="a">Henze, Hans Werner,</subfield>
    <subfield code="d">1926-2012.</subfield>
    <subfield code="t">Ode al dodicesimo apostolo</subfield>
  </datafield>
  <datafield tag="382" ind1="0" ind2=" ">
    <subfield code="a">piano</subfield>
    <subfield code="n">1</subfield>
    <subfield code="s">1</subfield>
    <subfield code="2">lcmpt</subfield>
  </datafield>
  <datafield tag="400" ind1="1" ind2=" ">
    <subfield code="a">Henze, Hans Werner,</subfield>
    <subfield code="d">1926-2012.</subfield>
    <subfield code="t">Ode to the twelfth apostle</subfield>
  </datafield>
  <datafield tag="400" ind1="1" ind2=" ">
    <subfield code="a">Henze, Hans Werner,</subfield>
    <subfield code="d">1926-2012.</subfield>
    <subfield code="t">Ode al 12mo apostolo</subfield>
  </datafield>
  <datafield tag="670" ind1=" " ind2=" ">
    <subfield code="a">Henze, H.W. Hommages, 2010:</subfield>
    <subfield code="b">container (Ode al dodicesimo apostolo) insert (Ode to the twelfth apostle; for piano (1996))</subfield>
  </datafield>
  <datafield tag="675" ind1=" " ind2=" ">
    <subfield code="a">Grove Music Online, December 22, 2014</subfield>
  </datafield>
</record>